<record><leader>00000cas a22000007a 4500</leader><controlfield tag="001">11153439</controlfield><controlfield tag="008">840914d18691882inuwr ne      0    0eng d</controlfield><controlfield tag="009">3768</controlfield><datafield ind1=" " ind2=" " tag="010"><subfield code="a">sn 84023997 </subfield></datafield><datafield ind1=" " ind2=" " tag="040"><subfield code="a">NPX</subfield><subfield code="b">eng</subfield><subfield code="c">NPX</subfield><subfield code="d">OCL</subfield><subfield code="d">NPU</subfield><subfield code="d">OCL</subfield><subfield code="d">NPI</subfield><subfield code="d">OCLCQ</subfield><subfield code="d">NPI</subfield></datafield><datafield ind1=" " ind2=" " tag="019"><subfield code="a">11156863</subfield></datafield><datafield ind1="1" ind2=" " tag="029"><subfield code="a">AU@</subfield><subfield code="b">000025829655</subfield></datafield><datafield ind1=" " ind2=" " tag="042"><subfield code="a">msc</subfield></datafield><datafield ind1="0" ind2="4" tag="245"><subfield code="a">The Laporte weekly Argus.</subfield></datafield><datafield ind1="1" ind2="3" tag="246"><subfield code="a">La Porte weekly Argus</subfield></datafield><datafield ind1=" " ind2=" " tag="260"><subfield code="a">La Porte, Ind. :</subfield><subfield code="b">John B. Stalb,</subfield><subfield code="c">1869-1882.</subfield></datafield><datafield ind1=" " ind2=" " tag="310"><subfield code="a">Weekly</subfield></datafield><datafield ind1="0" ind2=" " tag="362"><subfield code="a">Vol. 1, no. 1 (Apr. 15, 1869)-v. 13, no. 26 (Feb. 25, 1882).</subfield></datafield><datafield ind1=" " ind2=" " tag="752"><subfield code="a">United States</subfield><subfield code="b">Indiana</subfield><subfield code="c">LaPorte</subfield><subfield code="d">LaPorte.</subfield></datafield><datafield ind1="0" ind2="0" tag="785"><subfield code="t">LaPorte Argus (LaPorte, Ind. : Weekly)</subfield><subfield code="w">(DLC)sn 87056267</subfield></datafield></record>